@inproceedings{bizopoulos2019signal2image,
  title = {Signal2image modules in deep neural networks for eeg classification},
  author = {Bizopoulos, Paschalis and Lambrou, George I and Koutsouris, Dimitrios},
  year = {2019},
  booktitle = {2019 41st Annual International Conference of the IEEE Engineering in Medicine and Biology Society (EMBC)},
  pages = {702--705},
  organization = {IEEE}
}
