@article{aboalayon2016sleep,
 author = {Aboalayon, Khald and Faezipour, Miad and Almuhammadi, Wafaa and Moslehpour, Saeid},
 doi = {10.3390/e18090272},
 issn = {1099-4300},
 journal = {Entropy-switz.},
 number = {9},
 pages = {272},
 publisher = {MDPI AG},
 source = {Crossref},
 title = {Sleep Stage Classification Using {EEG} Signal Analysis: {A} Comprehensive Survey and New Investigation},
 volume = {18},
 year = {2016}
}

@article{acharya2013automated,
 author = {Acharya, U. Rajendra and Vinitha Sree, S. and Swapna, G. and Martis, Roshan Joy and Suri, Jasjit S.},
 doi = {10.1016/j.knosys.2013.02.014},
 issn = {0950-7051},
 journal = {Knowl-based. Syst.},
 pages = {147--165},
 publisher = {Elsevier BV},
 source = {Crossref},
 title = {Automated {EEG} analysis of epilepsy: {A} review},
 volume = {45},
 year = {2013}
}

@article{al2017review,
 author = {Al-Nafjan, Abeer and Hosny, Manar and Al-Ohali, Yousef and Al-Wabil, Areej},
 doi = {10.3390/app7121239},
 issn = {2076-3417},
 journal = {Applied Sciences},
 number = {12},
 pages = {1239},
 publisher = {MDPI AG},
 source = {Crossref},
 title = {Review and Classification of Emotion Recognition Based on {EEG} Brain-Computer Interface System Research: {A} Systematic Review},
 volume = {7},
 year = {2017}
}

@article{andrzejak2001indications,
 author = {Andrzejak, Ralph G. and Lehnertz, Klaus and Mormann, Florian and Rieke, Christoph and David, Peter and Elger, Christian E.},
 doi = {10.1103/physreve.64.061907},
 issn = {1063-651X, 1095-3787},
 journal = {Phys. Rev. E},
 number = {6},
 pages = {061907},
 publisher = {American Physical Society (APS)},
 source = {Crossref},
 title = {Indications of nonlinear deterministic and finite-dimensional structures in time series of brain electrical activity: {Dependence} on recording region and brain state},
 volume = {64},
 year = {2001}
}

@inproceedings{giri2016ischemic,
 author = {Giri, Endang Purnama and Fanany, Mohamad Ivan and Arymurthy, Aniati Murni and Wijaya, Sastra Kusuma},
 booktitle = {2016 International Conference on Advanced Computer Science and Information Systems (ICACSIS)},
 doi = {10.1109/icacsis.2016.7872780},
 organization = {IEEE},
 pages = {484--491},
 publisher = {IEEE},
 source = {Crossref},
 title = {Ischemic stroke identification based on {EEG} and {EOG} using {ID} convolutional neural network and batch normalization},
 year = {2016}
}

@inproceedings{he2015delving,
 author = {Kaiming He and
Xiangyu Zhang and
Shaoqing Ren and
Jian Sun},
 bibsource = {dblp computer science bibliography, https://dblp.org},
 biburl = {https://dblp.org/rec/conf/iccv/HeZRS15.bib},
 booktitle = {2015 {IEEE} International Conference on Computer Vision, {ICCV} 2015,
Santiago, Chile, December 7-13, 2015},
 doi = {10.1109/ICCV.2015.123},
 pages = {1026--1034},
 publisher = {{IEEE} Computer Society},
 timestamp = {Wed, 17 Apr 2019 01:00:00 +0200},
 title = {Delving Deep into Rectifiers: Surpassing Human-Level Performance on
ImageNet Classification},
 year = {2015}
}

@inproceedings{he2016deep,
 author = {Kaiming He and
Xiangyu Zhang and
Shaoqing Ren and
Jian Sun},
 bibsource = {dblp computer science bibliography, https://dblp.org},
 biburl = {https://dblp.org/rec/conf/cvpr/HeZRS16.bib},
 booktitle = {2016 {IEEE} Conference on Computer Vision and Pattern Recognition,
{CVPR} 2016, Las Vegas, NV, USA, June 27-30, 2016},
 doi = {10.1109/CVPR.2016.90},
 pages = {770--778},
 publisher = {{IEEE} Computer Society},
 timestamp = {Wed, 17 Apr 2019 01:00:00 +0200},
 title = {Deep Residual Learning for Image Recognition},
 year = {2016}
}

@inproceedings{huang2017densely,
 author = {Gao Huang and
Zhuang Liu and
Laurens van der Maaten and
Kilian Q. Weinberger},
 bibsource = {dblp computer science bibliography, https://dblp.org},
 biburl = {https://dblp.org/rec/conf/cvpr/HuangLMW17.bib},
 booktitle = {2017 {IEEE} Conference on Computer Vision and Pattern Recognition,
{CVPR} 2017, Honolulu, HI, USA, July 21-26, 2017},
 doi = {10.1109/CVPR.2017.243},
 pages = {2261--2269},
 publisher = {{IEEE} Computer Society},
 timestamp = {Mon, 10 Sep 2018 01:00:00 +0200},
 title = {Densely Connected Convolutional Networks},
 year = {2017}
}

@article{khan2018focal,
 author = {Khan, Haidar and Marcuse, Lara and Fields, Madeline and Swann, Kalina and Yener, Bulent},
 doi = {10.1109/tbme.2017.2785401},
 issn = {0018-9294, 1558-2531},
 journal = {IEEE Trans Biomed Eng},
 number = {9},
 pages = {2109--2118},
 publisher = {Institute of Electrical and Electronics Engineers (IEEE)},
 source = {Crossref},
 title = {Focal Onset Seizure Prediction Using Convolutional Networks},
 volume = {65},
 year = {2018}
}

@inproceedings{kingma2014adam,
 author = {Diederik P. Kingma and
Jimmy Ba},
 bibsource = {dblp computer science bibliography, https://dblp.org},
 biburl = {https://dblp.org/rec/journals/corr/KingmaB14.bib},
 booktitle = {3rd International Conference on Learning Representations, {ICLR} 2015,
San Diego, CA, USA, May 7-9, 2015, Conference Track Proceedings},
 editor = {Yoshua Bengio and
Yann LeCun},
 timestamp = {Thu, 25 Jul 2019 01:00:00 +0200},
 title = {Adam: {A} Method for Stochastic Optimization},
 year = {2015}
}

@inproceedings{krizhevsky2012imagenet,
 author = {Alex Krizhevsky and
Ilya Sutskever and
Geoffrey E. Hinton},
 bibsource = {dblp computer science bibliography, https://dblp.org},
 biburl = {https://dblp.org/rec/conf/nips/KrizhevskySH12.bib},
 booktitle = {Advances in Neural Information Processing Systems 25: 26th Annual
Conference on Neural Information Processing Systems 2012. Proceedings
of a meeting held December 3-6, 2012, Lake Tahoe, Nevada, United States},
 editor = {Peter L. Bartlett and
Fernando C. N. Pereira and
Christopher J. C. Burges and
L{\'{e}}on Bottou and
Kilian Q. Weinberger},
 pages = {1106--1114},
 timestamp = {Thu, 21 Jan 2021 00:00:00 +0100},
 title = {ImageNet Classification with Deep Convolutional Neural Networks},
 year = {2012}
}

@article{langkvist2012sleep,
 author = {L\"angkvist, Martin and Karlsson, Lars and Loutfi, Amy},
 doi = {10.1155/2012/107046},
 issn = {1687-7594, 1687-7608},
 journal = {Advances in Artificial Neural Systems},
 pages = {1--9},
 publisher = {Hindawi Limited},
 source = {Crossref},
 title = {Sleep Stage Classification Using Unsupervised Feature Learning},
 volume = {2012},
 year = {2012}
}

@article{lecun1998gradient,
 author = {Lecun, Y. and Bottou, L. and Bengio, Y. and Haffner, P.},
 doi = {10.1109/5.726791},
 issn = {0018-9219},
 journal = {Proc. IEEE},
 number = {11},
 pages = {2278--2324},
 publisher = {Institute of Electrical and Electronics Engineers (IEEE)},
 source = {Crossref},
 title = {Gradient-based learning applied to document recognition},
 volume = {86},
 year = {1998}
}

@article{lotte1999electroencephalography,
 author = {Lotte, Fabien and Bougrain, Laurent and Clerc, Maureen},
 journal = {Wiley Encyclopedia of Electrical and Electronics Engineering},
 pages = {1--20},
 publisher = {Wiley Online Library},
 title = {Electroencephalography \{(EEG)\}-Based {Brain{\textendash}Computer} Interfaces},
 year = {1999}
}

@book{oppenheim1999discrete,
 author = {Williamson, Darrell},
 doi = {10.1007/978-1-4471-0541-1},
 isbn = {9781852331610, 9781447105411},
 issn = {1439-2232},
 publisher = {Springer London},
 source = {Crossref},
 title = {Discrete-time Signal Processing},
 year = {1999}
}

@article{paszke2017automatic,
 author = {Li, Shen and Zhao, Yanli and Varma, Rohan and Salpekar, Omkar and Noordhuis, Pieter and Li, Teng and Paszke, Adam and Smith, Jeff and Vaughan, Brian and Damania, Pritam and Chintala, Soumith},
 doi = {10.14778/3415478.3415530},
 issn = {2150-8097},
 journal = {Proceedings of the VLDB Endowment},
 number = {12},
 pages = {3005--3018},
 publisher = {VLDB Endowment},
 source = {Crossref},
 subtitle = {experiences on accelerating data parallel training},
 title = {{PyTorch} distributed},
 volume = {13},
 year = {2020}
}

@article{rumelhart1986learning,
 author = {Rumelhart, David E. and Hinton, Geoffrey E. and Williams, Ronald J.},
 doi = {10.1038/323533a0},
 issn = {0028-0836, 1476-4687},
 journal = {Nature},
 number = {6088},
 pages = {533--536},
 publisher = {Springer Science and Business Media LLC},
 source = {Crossref},
 title = {Learning representations by back-propagating errors},
 volume = {323},
 year = {1986}
}

@article{schirrmeister2017deep,
 author = {Schirrmeister, Robin Tibor and Springenberg, Jost Tobias and Fiederer, Lukas Dominique Josef and Glasstetter, Martin and Eggensperger, Katharina and Tangermann, Michael and Hutter, Frank and Burgard, Wolfram and Ball, Tonio},
 doi = {10.1002/hbm.23730},
 issn = {1065-9471},
 journal = {Hum. Brain Mapp.},
 number = {11},
 pages = {5391--5420},
 publisher = {Wiley},
 source = {Crossref},
 subtitle = {Convolutional Neural Networks in EEG Analysis},
 title = {Deep learning with convolutional neural networks for {EEG} decoding and visualization},
 volume = {38},
 year = {2017}
}

@inproceedings{simonyan2014very,
 author = {Karen Simonyan and
Andrew Zisserman},
 bibsource = {dblp computer science bibliography, https://dblp.org},
 biburl = {https://dblp.org/rec/journals/corr/SimonyanZ14a.bib},
 booktitle = {3rd International Conference on Learning Representations, {ICLR} 2015,
San Diego, CA, USA, May 7-9, 2015, Conference Track Proceedings},
 editor = {Yoshua Bengio and
Yann LeCun},
 timestamp = {Fri, 29 Mar 2019 00:00:00 +0100},
 title = {Very Deep Convolutional Networks for Large-Scale Image Recognition},
 year = {2015}
}

@article{truong2018convolutional,
 author = {Truong, Nhan Duy and Nguyen, Anh Duy and Kuhlmann, Levin and Bonyadi, Mohammad Reza and Yang, Jiawei and Ippolito, Samuel and Kavehei, Omid},
 doi = {10.1016/j.neunet.2018.04.018},
 issn = {0893-6080},
 journal = {Neural Networks},
 pages = {104--111},
 publisher = {Elsevier BV},
 source = {Crossref},
 title = {Convolutional neural networks for seizure prediction using intracranial and scalp electroencephalogram},
 volume = {105},
 year = {2018}
}

@article{yannick2019deep,
 author = {Roy, Yannick and Banville, Hubert and Albuquerque, Isabela and Gramfort, Alexandre and Falk, Tiago H and Faubert, Jocelyn},
 doi = {10.1088/1741-2552/ab260c},
 issn = {1741-2560, 1741-2552},
 journal = {J. Neural Eng.},
 number = {5},
 pages = {051001},
 publisher = {IOP Publishing},
 source = {Crossref},
 title = {Deep learning-based electroencephalography analysis: {A} systematic review},
 volume = {16},
 year = {2019}
}

@article{zhang2017pattern,
 author = {Zhang, Jianhua and Li, Sunan and Wang, Rubin},
 doi = {10.3389/fnins.2017.00310},
 issn = {1662-453X},
 journal = {Front. Neurosci.},
 pages = {310},
 publisher = {Frontiers Media SA},
 source = {Crossref},
 title = {Pattern Recognition of Momentary Mental Workload Based on Multi-Channel Electrophysiological Data and Ensemble Convolutional Neural Networks},
 volume = {11},
 year = {2017}
}
