@article{aboalayon2016sleep,
  title = {Sleep Stage Classification Using {EEG} Signal Analysis: {A} Comprehensive Survey and New Investigation},
  author = {Aboalayon, Khald and Faezipour, Miad and Almuhammadi, Wafaa and Moslehpour, Saeid},
  year = {2016},
  journal = {Entropy-switz.},
  publisher = {MDPI AG},
  volume = {18},
  number = {9},
  pages = {272},
  doi = {10.3390/e18090272},
  issn = {1099-4300},
  source = {Crossref}
}
@article{acharya2013automated,
  title = {Automated {EEG} analysis of epilepsy: {A} review},
  author = {Acharya, U. Rajendra and Vinitha Sree, S. and Swapna, G. and Martis, Roshan Joy and Suri, Jasjit S.},
  year = {2013},
  journal = {Knowl-based. Syst.},
  publisher = {Elsevier BV},
  volume = {45},
  pages = {147--165},
  doi = {10.1016/j.knosys.2013.02.014},
  issn = {0950-7051},
  source = {Crossref}
}
@article{al2017review,
  title = {Review and Classification of Emotion Recognition Based on {EEG} Brain-Computer Interface System Research: {A} Systematic Review},
  author = {Al-Nafjan, Abeer and Hosny, Manar and Al-Ohali, Yousef and Al-Wabil, Areej},
  year = {2017},
  journal = {Applied Sciences},
  publisher = {MDPI AG},
  volume = {7},
  number = {12},
  pages = {1239},
  doi = {10.3390/app7121239},
  issn = {2076-3417},
  source = {Crossref}
}
@article{andrzejak2001indications,
  title = {Indications of nonlinear deterministic and finite-dimensional structures in time series of brain electrical activity: {Dependence} on recording region and brain state},
  author = {Andrzejak, Ralph G. and Lehnertz, Klaus and Mormann, Florian and Rieke, Christoph and David, Peter and Elger, Christian E.},
  year = {2001},
  journal = {Phys. Rev. E},
  publisher = {American Physical Society (APS)},
  volume = {64},
  number = {6},
  pages = {061907},
  doi = {10.1103/physreve.64.061907},
  issn = {1063-651X, 1095-3787},
  source = {Crossref}
}
@inproceedings{giri2016ischemic,
  title = {Ischemic stroke identification based on {EEG} and {EOG} using {ID} convolutional neural network and batch normalization},
  author = {Giri, Endang Purnama and Fanany, Mohamad Ivan and Arymurthy, Aniati Murni and Wijaya, Sastra Kusuma},
  year = {2016},
  booktitle = {2016 International Conference on Advanced Computer Science and Information Systems (ICACSIS)},
  publisher = {IEEE},
  pages = {484--491},
  doi = {10.1109/icacsis.2016.7872780},
  organization = {IEEE},
  source = {Crossref}
}
@inproceedings{he2015delving,
  title = {Delving Deep into Rectifiers: Surpassing Human-Level Performance on ImageNet Classification},
  author = {Kaiming He and Xiangyu Zhang and Shaoqing Ren and Jian Sun},
  year = {2015},
  booktitle = {2015 {IEEE} International Conference on Computer Vision, {ICCV} 2015, Santiago, Chile, December 7-13, 2015},
  publisher = {{IEEE} Computer Society},
  pages = {1026--1034},
  doi = {10.1109/ICCV.2015.123},
  bibsource = {dblp computer science bibliography, https://dblp.org},
  biburl = {https://dblp.org/rec/conf/iccv/HeZRS15.bib},
  timestamp = {Wed, 17 Apr 2019 01:00:00 +0200}
}
@inproceedings{he2016deep,
  title = {Deep Residual Learning for Image Recognition},
  author = {Kaiming He and Xiangyu Zhang and Shaoqing Ren and Jian Sun},
  year = {2016},
  booktitle = {2016 {IEEE} Conference on Computer Vision and Pattern Recognition, {CVPR} 2016, Las Vegas, NV, USA, June 27-30, 2016},
  publisher = {{IEEE} Computer Society},
  pages = {770--778},
  doi = {10.1109/CVPR.2016.90},
  bibsource = {dblp computer science bibliography, https://dblp.org},
  biburl = {https://dblp.org/rec/conf/cvpr/HeZRS16.bib},
  timestamp = {Wed, 17 Apr 2019 01:00:00 +0200}
}
@inproceedings{huang2017densely,
  title = {Densely Connected Convolutional Networks},
  author = {Gao Huang and Zhuang Liu and Laurens van der Maaten and Kilian Q. Weinberger},
  year = {2017},
  booktitle = {2017 {IEEE} Conference on Computer Vision and Pattern Recognition, {CVPR} 2017, Honolulu, HI, USA, July 21-26, 2017},
  publisher = {{IEEE} Computer Society},
  pages = {2261--2269},
  doi = {10.1109/CVPR.2017.243},
  bibsource = {dblp computer science bibliography, https://dblp.org},
  biburl = {https://dblp.org/rec/conf/cvpr/HuangLMW17.bib},
  timestamp = {Mon, 10 Sep 2018 01:00:00 +0200}
}
@article{khan2018focal,
  title = {Focal Onset Seizure Prediction Using Convolutional Networks},
  author = {Khan, Haidar and Marcuse, Lara and Fields, Madeline and Swann, Kalina and Yener, Bulent},
  year = {2018},
  journal = {IEEE Trans Biomed Eng},
  publisher = {Institute of Electrical and Electronics Engineers (IEEE)},
  volume = {65},
  number = {9},
  pages = {2109--2118},
  doi = {10.1109/tbme.2017.2785401},
  issn = {0018-9294, 1558-2531},
  source = {Crossref}
}
@inproceedings{kingma2014adam,
  title = {Adam: {A} Method for Stochastic Optimization},
  author = {Diederik P. Kingma and Jimmy Ba},
  year = {2015},
  booktitle = {3rd International Conference on Learning Representations, {ICLR} 2015, San Diego, CA, USA, May 7-9, 2015, Conference Track Proceedings},
  bibsource = {dblp computer science bibliography, https://dblp.org},
  biburl = {https://dblp.org/rec/journals/corr/KingmaB14.bib},
  editor = {Yoshua Bengio and Yann LeCun},
  timestamp = {Thu, 25 Jul 2019 01:00:00 +0200}
}
@inproceedings{krizhevsky2012imagenet,
  title = {ImageNet Classification with Deep Convolutional Neural Networks},
  author = {Alex Krizhevsky and Ilya Sutskever and Geoffrey E. Hinton},
  year = {2012},
  booktitle = {Advances in Neural Information Processing Systems 25: 26th Annual Conference on Neural Information Processing Systems 2012. Proceedings of a meeting held December 3-6, 2012, Lake Tahoe, Nevada, United States},
  pages = {1106--1114},
  bibsource = {dblp computer science bibliography, https://dblp.org},
  biburl = {https://dblp.org/rec/conf/nips/KrizhevskySH12.bib},
  editor = {Peter L. Bartlett and Fernando C. N. Pereira and Christopher J. C. Burges and L{\'{e}}on Bottou and Kilian Q. Weinberger},
  timestamp = {Thu, 21 Jan 2021 00:00:00 +0100}
}
@article{langkvist2012sleep,
  title = {Sleep Stage Classification Using Unsupervised Feature Learning},
  author = {L\"angkvist, Martin and Karlsson, Lars and Loutfi, Amy},
  year = {2012},
  journal = {Advances in Artificial Neural Systems},
  publisher = {Hindawi Limited},
  volume = {2012},
  pages = {1--9},
  doi = {10.1155/2012/107046},
  issn = {1687-7594, 1687-7608},
  source = {Crossref}
}
@article{lecun1998gradient,
  title = {Gradient-based learning applied to document recognition},
  author = {Lecun, Y. and Bottou, L. and Bengio, Y. and Haffner, P.},
  year = {1998},
  journal = {Proc. IEEE},
  publisher = {Institute of Electrical and Electronics Engineers (IEEE)},
  volume = {86},
  number = {11},
  pages = {2278--2324},
  doi = {10.1109/5.726791},
  issn = {0018-9219},
  source = {Crossref}
}
@article{lotte1999electroencephalography,
  title = {Electroencephalography \{(EEG)\}-Based {Brain{\textendash}Computer} Interfaces},
  author = {Lotte, Fabien and Bougrain, Laurent and Clerc, Maureen},
  year = {1999},
  journal = {Wiley Encyclopedia of Electrical and Electronics Engineering},
  publisher = {Wiley Online Library},
  pages = {1--20}
}
@book{oppenheim1999discrete,
  title = {Discrete-time Signal Processing},
  author = {Williamson, Darrell},
  year = {1999},
  publisher = {Springer London},
  doi = {10.1007/978-1-4471-0541-1},
  isbn = {9781852331610, 9781447105411},
  issn = {1439-2232},
  source = {Crossref}
}
@article{paszke2017automatic,
  title = {{PyTorch} distributed},
  author = {Li, Shen and Zhao, Yanli and Varma, Rohan and Salpekar, Omkar and Noordhuis, Pieter and Li, Teng and Paszke, Adam and Smith, Jeff and Vaughan, Brian and Damania, Pritam and Chintala, Soumith},
  year = {2020},
  journal = {Proceedings of the VLDB Endowment},
  publisher = {VLDB Endowment},
  volume = {13},
  number = {12},
  pages = {3005--3018},
  doi = {10.14778/3415478.3415530},
  issn = {2150-8097},
  source = {Crossref},
  subtitle = {experiences on accelerating data parallel training}
}
@article{rumelhart1986learning,
  title = {Learning representations by back-propagating errors},
  author = {Rumelhart, David E. and Hinton, Geoffrey E. and Williams, Ronald J.},
  year = {1986},
  journal = {Nature},
  publisher = {Springer Science and Business Media LLC},
  volume = {323},
  number = {6088},
  pages = {533--536},
  doi = {10.1038/323533a0},
  issn = {0028-0836, 1476-4687},
  source = {Crossref}
}
@article{schirrmeister2017deep,
  title = {Deep learning with convolutional neural networks for {EEG} decoding and visualization},
  author = {Schirrmeister, Robin Tibor and Springenberg, Jost Tobias and Fiederer, Lukas Dominique Josef and Glasstetter, Martin and Eggensperger, Katharina and Tangermann, Michael and Hutter, Frank and Burgard, Wolfram and Ball, Tonio},
  year = {2017},
  journal = {Hum. Brain Mapp.},
  publisher = {Wiley},
  volume = {38},
  number = {11},
  pages = {5391--5420},
  doi = {10.1002/hbm.23730},
  issn = {1065-9471},
  source = {Crossref},
  subtitle = {Convolutional Neural Networks in EEG Analysis}
}
@inproceedings{simonyan2014very,
  title = {Very Deep Convolutional Networks for Large-Scale Image Recognition},
  author = {Karen Simonyan and Andrew Zisserman},
  year = {2015},
  booktitle = {3rd International Conference on Learning Representations, {ICLR} 2015, San Diego, CA, USA, May 7-9, 2015, Conference Track Proceedings},
  bibsource = {dblp computer science bibliography, https://dblp.org},
  biburl = {https://dblp.org/rec/journals/corr/SimonyanZ14a.bib},
  editor = {Yoshua Bengio and Yann LeCun},
  timestamp = {Fri, 29 Mar 2019 00:00:00 +0100}
}
@article{truong2018convolutional,
  title = {Convolutional neural networks for seizure prediction using intracranial and scalp electroencephalogram},
  author = {Truong, Nhan Duy and Nguyen, Anh Duy and Kuhlmann, Levin and Bonyadi, Mohammad Reza and Yang, Jiawei and Ippolito, Samuel and Kavehei, Omid},
  year = {2018},
  journal = {Neural Networks},
  publisher = {Elsevier BV},
  volume = {105},
  pages = {104--111},
  doi = {10.1016/j.neunet.2018.04.018},
  issn = {0893-6080},
  source = {Crossref}
}
@article{yannick2019deep,
  title = {Deep learning-based electroencephalography analysis: {A} systematic review},
  author = {Roy, Yannick and Banville, Hubert and Albuquerque, Isabela and Gramfort, Alexandre and Falk, Tiago H and Faubert, Jocelyn},
  year = {2019},
  journal = {J. Neural Eng.},
  publisher = {IOP Publishing},
  volume = {16},
  number = {5},
  pages = {051001},
  doi = {10.1088/1741-2552/ab260c},
  issn = {1741-2560, 1741-2552},
  source = {Crossref}
}
@article{zhang2017pattern,
  title = {Pattern Recognition of Momentary Mental Workload Based on Multi-Channel Electrophysiological Data and Ensemble Convolutional Neural Networks},
  author = {Zhang, Jianhua and Li, Sunan and Wang, Rubin},
  year = {2017},
  journal = {Front. Neurosci.},
  publisher = {Frontiers Media SA},
  volume = {11},
  pages = {310},
  doi = {10.3389/fnins.2017.00310},
  issn = {1662-453X},
  source = {Crossref}
}
